%% Descrição detalhadas dos tipos de citação disponível em:
%%  http://pt.wikipedia.org/wiki/BibTeX
%% http://pmrlsapro.poli.usp.br/projects/projects/1/wiki/Estilo_de_refer%C3%AAncias_BiBTeX_do_USPTeX

%% =================================================
%% ----------------------  2018 --------------------
@article{atlas2018,
	author         = {{ATLAS Collaboration}},
	title          = {{Observation of Higgs boson production in association with a top quark pair at the LHC with the {ATLAS} detector}},
	collaboration  = {{ATLAS}},
	doi            = {10.1016/j.physletb.2018.07.035},
	year           = {2018},
	eprint         = {1806.00425},
	archivePrefix  = {arXiv},
	primaryClass   = {hep-ex},
	reportNumber   = {CERN-EP-2018-138, CERN-EP-2018-138},
	SLACcitation   = {%%CITATION = ARXIV:1806.00425;%%}
	}

@article{Xu2018,
	title   = {Stochastic cross validation},
	journal = {Chemometrics and Intelligent Laboratory Systems},
	volume  = {175},
	pages   = {74 - 81},
	year    = {2018},
	issn    = {0169-7439},	
	doi     = {https://doi.org/10.1016/j.chemolab.2018.02.008},
	url     = {http://www.sciencedirect.com/science/article/pii/S0169743917306482},
	author  = {Lu Xu and Hai-Yan Fu and Mohammad Goodarzi and Chen-Bo Cai and Qiao-Bo Yin and Ya Wu and Bang-Cheng Tang and Yuan-Bin She},
	keywords = {Multivariate calibration, Model complexity, Partial least squares (PLS), Cross validation (CV), Stochastic cross validation (SCV)}, 
	abstract = {Cross validation (CV) is by far one of the most commonly used methods to estimate model complexity for partial least squares (PLS). In this study, stochastic cross validation (SCV) was proposed as a novel CV strategy, where the percent of left-out objects (PLOO) was defined as a changeable random number. We proposed two SCV strategies, namely, SCV with uniformly distributed PLOO (SCV-U) and SCV with normally distributed PLOO (SCV-N). SCV-U is actually a hybrid of leave-one-out CV (LOOCV), k-fold CV and Monte Carlo CV (MCCV). The rationale behind SCV-N is that the probability of large perturbations of the original training set will be small. SCV is expected to provide more flexibility for data splitting to explore and learn from the data set and evaluate internally a built model. SCV-U and SCV-N were used for PLS calibrations of three real data sets as well as a simulated data set and they were compared with LOOCV, k-fold CV and MCCV. Given a training and external validation set, different CV techniques were repeatedly used to evaluate the optimal model complexity and the prediction results were compared. The results indicate that SCV-U and SCV-N could provide useful alternatives to the traditional CV methods and SCV is less sensitive to the values of PLOO.}
    }
%% =================================================
%% ----------------------  2017 --------------------
@Article{atlas2017,
	author         = {{ATLAS Collaboration}},
	title          = {Topological cell clustering in the {ATLAS} calorimeters and its performance in LHC Run 1},
	collaboration  = {{ATLAS}},
	journal        = {Eur. Phys. J.},
	volume         = {C77},
	year           = {2017},
	pages          = {490},
	doi            = {10.1140/epjc/s10052-017-5004-5},
	url            = {https://link.springer.com/content/pdf/10.1140%2Fepjc%2Fs10052-017-5004-5.pdf},
	eprint         = {1603.02934},
	archivePrefix  = {arXiv},
	primaryClass   = {hep-ex},
	reportNumber   = {CERN-PH-EP-2015-304},
	SLACcitation   = {%%CITATION = ARXIV:1603.02934;%%},
	}
@Article{prater2017,
	author   = {Ashley A. Prater},
	title    = {Comparison of echo state network output layer classification methods on noisy data},
	journal  = {ArXiv e-prints},
	eprint   = {1703.04496},
	keywords = {Computer Science - Neural and Evolutionary Computing},
	year     = {2017},
	month    = {mar},
	adsurl   = {http://adsabs.harvard.edu/abs/2017arXiv170304496P},
	adsnote  = {Provided by the SAO/NASA Astrophysics Data System}
}
%% =================================================
%% ----------------------  2016 --------------------
@article{atlas2016,
	author        = {{ATLAS Collaboration}},
	title         = {Measurement of the photon identification efficiencies 	with the {ATLAS} detector using LHC Run-1 data. Measurement of the photon identification efficiencies with the {ATLAS} detector using LHC Run-1 data},
	journal       = {Eur. Phys. J. C},
	collaboration = {ATLAS Collaboration},
	number        = {CERN-EP-2016-110. 12},
	volume        = {76},
	pages         = {666. 57 p},
	month         = {Jun},
	year          = {2016},
	reportNumber  = {CERN-EP-2016-110},
	url           = {https://cds.cern.ch/record/2158117},
	note          = {44 pages plus author list (61 pages total), 19 figures, 2 	tables, submitted to Eur. Phys. J. C, All figures including auxiliary figures are available at 	http://atlas.web.cern.ch/Atlas/GROUPS/PHYSICS/PAPERS/PERF-2013-04/}
	}
@Article{Vazquez2016,
	title    = {The {ATLAS} Data Acquisition System: from Run 1 to Run 2},
	journal  = {Nuclear and Particle Physics Proceedings},
	volume   = {273-275},
	pages    = {939 - 944},
	year     = {2016},
	note     = {37th International Conference on High Energy Physics (ICHEP)},
	issn     = {2405-6014},
	doi      = {https://doi.org/10.1016/j.nuclphysbps.2015.09.146},
	url      = {http://www.sciencedirect.com/science/article/pii/S2405601415006355},
	author   = {William Panduro Vazquez},
	keywords = {ATLAS, TDAQ, Upgrade}
}
@Article{Pastore2016,
	title    = {The {ATLAS} Trigger System: Past, Present and Future},
	journal  = {Nuclear and Particle Physics Proceedings},
	volume   = {273-275},
	pages    = {1065 - 1071},
	year    = {2016},
	note    = {37th International Conference on High Energy Physics (ICHEP)},
	issn    = {2405-6014},
	doi    = {https://doi.org/10.1016/j.nuclphysbps.2015.09.167},
	url    = {http://www.sciencedirect.com/science/article/pii/S2405601415006562},
	author   = {F. Pastore},
	keywords = {Trigger, ATLAS, evolution},
}
@Article{Hautmann2016,
	title   = {Treating jet correlations in high pile-up at hadron colliders },
	journal = {Physics Letters B },
	volume  = {754},
	number  = {},
	pages   = {260 - 263},
	year    = {2016},
	note    = {},
	issn    = {0370-2693},
	doi    = {http://dx.doi.org/10.1016/j.physletb.2015.12.079},
	url    = {http://www.sciencedirect.com/science/article/pii/S0370269316000502},
	author  = {F. Hautmann and H. Jung and H. Van Haevermaet}
}
@Article{kilby2016,
	author  = {C Kilby and {ATLAS Collaboration}},
	title   = {The design and performance of the {ATLAS} Inner Detector trigger for Run 2 LHC Collisions at 13 TeV},
	journal = {Journal of Physics: Conference Series},
	volume  = {762},
	number  = {1},
	pages   = {012029},
	url     = {http://stacks.iop.org/1742-6596/762/i=1/a=012029},
	year    = {2016}
}
@article{Dong2016,
	author    = {Jonathan Dong and Sylvain Gigan and Florent Krzakala and Gilles Wainrib},
	title     = {Scaling up Echo-State Networks with multiple light scattering},
	journal   = {CoRR},
	volume    = {abs/1609.05204},
	year      = {2016},
	url       = {http://arxiv.org/abs/1609.05204},
	archivePrefix = {arXiv},
	eprint    = {1609.05204},
	timestamp = {Wed, 07 Jun 2017 14:41:54 +0200},
	biburl    = {https://dblp.org/rec/bib/journals/corr/DongGKW16},
	bibsource = {dblp computer science bibliography, https://dblp.org}
    }
@article{Wang2016,
	title   = {An effective multivariate time series classification approach using echo state network and adaptive differential evolution algorithm },
	journal = {Expert Systems with Applications },
	volume  = {43},
	number  = {},
	pages   = {237 - 249},
	year    = {2016},
	note    = {},
	issn    = {0957-4174},
	doi     = {http://doi.org/10.1016/j.eswa.2015.08.055},
	url = {http://www.sciencedirect.com/science/article/pii/S0957417415006120},
	author  = {Lin Wang and Zhigang Wang and Shan Liu},
	keywords = {Multivariate time series classification},
	keywords = {Recurrent neural network},
	keywords = {Adaptive differential evolution algorithm },
	abstract = {Abstract The multivariate time series (MTS) classification is a very difficult process because of the complexity of the \{MTS\} data type. Among all the methods to resolve this problem, the attribute–value representation classification approaches are the most popular. Despite their proven effectiveness of these however, these approaches are time consuming, sensitive to noise, or prone to damage of inner data properties as well as capable of producing undesirable accuracy. In this paper, we propose a new approach (CADE) for \{MTS\} classification that utilizes recurrent neural network (RNN) and adaptive differential evolution (ADE) algorithm. The approach can effectively overcome specific shortcomings of the attribute–value representation approaches. The principle of this approach adheres to three steps. First, an \{RNN\} is used to project the training \{MTS\} samples into different state clouds (samples in the same class are projected into a state cloud). Second, classifiers from these state clouds are induced for different classes. Third, the final \{MTS\} classifiers are obtained using \{ADE\} for parameter optimization. This approach makes full use of the network state space of a given \{RNN\} to induce classifiers rather than to train the network. Experimental results performed on 18 data sets demonstrate the accuracy and robustness of the proposed approach for \{MTS\} classification. As a new and universal approach, \{CADE\} can be very effective and stable for handling a variety of complex classification problems.}
}
@Article{ferreira2016,	
	title   = {Graphical representation of chemical periodicity of main elements through boxplot},
	journal = {Educación Química},
	volume  = {27},
	number  = {3},
	pages   = {209 - 216},
	year    = {2016},
	issn    = {0187-893X},
	doi     = {https://doi.org/10.1016/j.eq.2016.04.007},
	url     = {http://www.sciencedirect.com/science/article/pii/S0187893X16300106},
	author  = {João Elias Vidueira Ferreira and Maria Tayane Silva Pinheiro and Wagner Roberto Santos dos Santos and Rodrigo da Silva Maia},
	keywords = {Chemical periodicity, Representative elements, Exploratory data analysis, Boxplot, Periodicidade química, Elementos representativos, Análise exploratória de dados}
}
@Article{Gleyzer2016,
	Author  = {S. V. Gleyzer and L. Moneta and Omar A. Zapata},
	Title   = {Development of Machine Learning Tools in ROOT},
	Journal = {Journal of Physics: Conference Series},
	Volume  = {762},
	Number  = {1},
	Pages   = {012043},
	Url    = {http://stacks.iop.org/1742-6596/762/i=1/a=012043},
	Year    = {2016}
}
@Article{Martinez2016,
	Author = {A Ruiz Martínez and {ATLAS Collaboration}},
	Title  = {The Run-2 {ATLAS} Trigger System},
	Journal= {Journal of Physics: Conference Series},
	Volume = {762},
	Number = {1},
	Pages  = {012003},
	Url    = {http://stacks.iop.org/1742-6596/762/i=1/a=012003},
	Year   = {2016}
}
@article{Bethani2016,
	Author  = {A. Bethani and A. J. Bevan and J. Hays and T. J. Stevenson},
	Title   = {Support Vector Machines and Generalisation in HEP},
	Journal = {Journal of Physics: Conference Series},
	Volume  = {762},
	Number  = {1},
	Pages   = {012052},
	Url    = {http://stacks.iop.org/1742-6596/762/i=1/a=012052},
	Year    = {2016}
}
@Article{termenon2016,
	Title   = {Brain {MRI} Morphological Patterns Extraction Tool Based on Extreme Learning Machine and Majority Vote Classification },
	Journal = {Neurocomputing },
	Volume  = {174, Part A},
	Number  = {},
	Pages   = {344 - 351},
	Year    = {2016},
	Note    = {},
	Issn    = {0925-2312},
	Doi    = {http://dx.doi.org/10.1016/j.neucom.2015.03.111},
	Url    = {http://www.sciencedirect.com/science/article/pii/s0925231215011388},
	Author   = {Maite Termenon and Manuel Graña and Alexandre Savio and Anton Akusok and Yoan Miche and Kaj-Mikael Björk and Amaury Lendasse},
	Keywords = {ELM},
	Keywords = {MRI},
	Keywords = {Classification }
}
@article{barreto2016,
	title    = {A Robust Extreme Learning Machine for pattern classification with outliers },
	journal  = {Neurocomputing },
	volume   = {176},
	number   = {},
	pages    = {3 - 13},
	year     = {2016},
	note     = {Recent Advancements in Hybrid Artificial Intelligence Systems and its Application to Real-World ProblemsSelected papers from the {HAIS} 2013 conference },
	issn     = {0925-2312},
	author   = {Guilherme A. Barreto and Ana Luiza B.P. Barros},
	keywords = {Extreme Learning Machine},
	keywords = {Ordinary least squares},
	keywords = {Least mean squares},
	keywords = {Robust pattern classification},
	keywords = {Outliers}
}
@article{Qu2016,
	title    = {Two-hidden-layer extreme learning machine for regression and classification },
	journal  = {Neurocomputing },
	volume   = {175, Part A},
	number   = {},
	pages    = {826 - 834},
	year     = {2016},
	note     = {},
	issn     = {0925-2312},
	author   = {B.Y. Qu and B.F. Lang and J.J. Liang and A.K. Qin and O.D. Crisalle},
	keywords = {Extreme learning machine},
	keywords = {Two-hidden-layer},
	keywords = {Regression},
	keywords = {Classification},
	keywords = {Neural network }
}
%% =================================================
%% ----------------------  2015 --------------------
@article{Aad2015,
	author         = {Georges Aad and others},
	title          = {{Combined Measurement of the {Higgs} Boson Mass in $pp$
	Collisions at $\sqrt{s}=7$ and 8 TeV with the {ATLAS} and
	CMS Experiments}},
	collaboration  = {ATLAS, CMS},
	journal        = {Phys. Rev. Lett.},
	volume         = {114},
	year           = {2015},
	pages          = {191803},
	doi            = {10.1103/PhysRevLett.114.191803},
	eprint         = {1503.07589},
	archivePrefix  = {arXiv},
	primaryClass   = {hep-ex},
	reportNumber   = {ATLAS-HIGG-2014-14, CMS-HIG-14-042, CERN-PH-EP-2015-075},
	SLACcitation   = {%%CITATION = ARXIV:1503.07589;%%}
	}
@article{Zhang2015,
	title   = {Outlier-robust extreme learning machine for regression problems },
	journal = {Neurocomputing },
	volume  = {151, Part 3},
	pages   = {1519 - 1527},
	year    = {2015},
	issn    = {0925-2312},
	doi     = {http://dx.doi.org/10.1016/j.neucom.2014.09.022},
	url     = {http://www.sciencedirect.com/science/article/pii/S0925231214012053},
	author   = {Kai Zhang and Minxia Luo},
	keywords = {Extreme learning machine},
	keywords = {ℓ1-norm},
	keywords = {Augmented Lagrange multipliers method},
	keywords = {Outlier robustness },
	abstract = {Abstract Extreme learning machine (ELM), as one of the most useful techniques in machine learning, has attracted extensive attentions due to its unique ability for extremely fast learning. In particular, it is widely recognized that \{ELM\} has speed advantage while performing satisfying results. However, the presence of outliers may give rise to unreliable \{ELM\} model. In this paper, our study addresses the outlier robustness of \{ELM\} in regression problems. Based on the sparsity characteristic of outliers, this work proposes an outlier-robust \{ELM\} where the ℓ1-norm loss function is used to enhance the robustness. Specially, the fast and accurate augmented Lagrangian multiplier method is applied to guarantee the effectiveness and efficiency. According to the experiments on function approximation and some real-world applications, the proposed approach not only maintains the advantages from original ELM, but also shows notable and stable accuracy in handling data with outliers.}
	}
@article{kim2015,
	title  = {T test as a parametric statistic},
	author = {Tae Kyun Kim},
	journal= {Korean journal of anesthesiology},
	volume = {68},
	urldate= {November 25, 2015},
	number = {6},
	pages  = {540--546},
	doi    = {https://doi.org/10.4097/kjae.2015.68.6.540},
	year   = {2015}
    }
@article{Trentin2015,
	title    = {Emotion recognition from speech signals via a probabilistic echo-state network },
	journal  = {Pattern Recognition Letters },
	volume   = {66},
	number   = {},
	pages    = {4 - 12},
	year     = {2015},
	note     = {Pattern Recognition in Human Computer Interaction },
	issn     = {0167-8655},
	doi      = {http://doi.org/10.1016/j.patrec.2014.10.015},
	url = {http://www.sciencedirect.com/science/article/pii/S0167865514003328},
	author   = {Edmondo Trentin and Stefan Scherer and Friedhelm Schwenker},
	keywords = {Emotion recognition},
	keywords = {Echo state network},
	keywords = {Sequence clustering},
	keywords = {Semi-supervised learning },
	abstract = {Abstract The paper presents a probabilistic echo-state network (π-ESN) for density estimation over variable-length sequences of multivariate random vectors. The π-ESN stems from the combination of the reservoir of an \{ESN\} and a parametric density model based on radial basis functions. A constrained maximum likelihood training algorithm is introduced, suitable for sequence classification. Extensions of the algorithm to unsupervised clustering and semi-supervised learning (SSL) of sequences are proposed. Experiments in emotion recognition from speech signals are conducted on the WaSeP© dataset. Compared with established techniques, the π-ESN yields the highest recognition accuracies, and shows interesting clustering and \{SSL\} capabilities.}
    }
@Article{gaohuang2015,
	Title    = {Trends in extreme learning machines: A review },
	Journal  = {Neural Networks },
	Volume   = {61},
	Number   = {},
	Pages    = {32 - 48},
	Year     = {2015},
	issn     = {0893-6080},
	doi      = {http://dx.doi.org/10.1016/j.neunet.2014.10.001},
	Url      = {http://www.sciencedirect.com/science/article/pii/S0893608014002214},
	Author   = {Gao Huang and Guang-Bin Huang and Shiji Song and Keyou You},
	keywords = {Extreme learning machine},
	keywords = {Classification},
	keywords = {Clustering},
	keywords = {Feature learning},
	keywords = {Regression}
}
@Article{huang2015,
	Author   = {Guang-Bin Huang},
	Title    = {What are Extreme Learning Machines? Filling the Gap Between Frank Rosenblatt's Dream and John von Neumann's Puzzle},
	Journal  = {Cognitive Computation},
	Year     = {2015},
	Volume   = {7},
	Number   = {3},
	Pages    = {263--278},
	issn     = {1866-9964},
	doi      = {10.1007/s12559-015-9333-0},
	Url      = {http://dx.doi.org/10.1007/s12559-015-9333-0}
    }
@article{melzer2015,
	title   = {A hist{\'o}ria do desenvolvimento da teoria at{\^o}mica: um percurso de Dalton a Bohr},
	author  = {Melzer, Ehrick Eduardo Martins and Aires, Joanez Aparecida},
	journal = {Amaz{\^o}nia: Revista de Educa{\c{c}}{\~a}o em Ci{\^e}ncias e Matem{\'a}ticas},
	volume  = {11},
	number  = {22},
	pages   = {62--77},
	year    = {2015}
    }
%% =================================================
%% ----------------------  2014 --------------------
@article{Chen2014,
	title    = {Extreme learning machine for ranking: Generalization analysis and applications },
	journal  = {Neural Networks },
	volume   = {53},
	number   = {},
	pages    = {119 - 126},
	year     = {2014},
	note     = {},
	issn     = {0893-6080},
	author   = {Hong Chen and Jiangtao Peng and Yicong Zhou and Luoqing Li and Zhibin Pan},
	keywords = {Learning theory},
	keywords = {Ranking},
	keywords = {Extreme learning machine},
	keywords = {Coefficient regularization},
	keywords = {Generalization bound }
}
@article{Ganjefar2014,
	title   = {A novel-strategy controller design for maximum power extraction in stand-alone windmill systems},	
	journal = {Energy},	
	volume  = {76},
	number  = {},	
	pages   = {326 - 335},	
	year    = {2014},	
	note    = {},	
	issn    = {0360-5442},	
	doi     = {http://dx.doi.org/10.1016/j.energy.2014.08.024},	
	url     = {http://www.sciencedirect.com/science/article/pii/S0360544214009608},	
	author  = {Soheil Ganjefar and Ali Akbar Ghasemi},	
	keywords = {Intelligent control},	
	keywords = {Stand-alone windmill},	
	keywords = {Calculus of variations},	
	keywords = {Echo state networks},	
	keywords = {Optimization},	
	abstract = {This paper proposes a new control strategy for an optimal extraction of output power from stand-alone windmill systems. The system consists of a variable-speed wind turbine directly coupled to a PMSG (permanent magnet synchronous generator), a diode bridge rectifier, a DC-to-DC boost converter, and a battery bank. This control method, with its higher speed, directly creates a control signal for handling DC-to-DC converters. Adding an ESN (echo state network) to this method can result in extracting maximum power from the wind turbine without measuring the wind speed. This system is then simulated using MATLAB-SIMULINK software. The obtained simulation results show that the objective of extracting maximum power from the wind is reached.}
}
@Article{marshall2014,
	author  = {Zachary Marshall and the {ATLAS Collaboration}},
	title   = {Simulation of Pile-up in the {ATLAS} Experiment},
	journal = {Journal of Physics: Conference Series},
	volume  = {513},
	number  = {2},
	pages   = {022024},
	url     = {http://stacks.iop.org/1742-6596/513/i=2/a=022024},	
	year    = {2014}
}
@Article{nature2014,
	Author  = {{The CMS Collaboration}},
	Title   = {Evidence for the direct decay of the 125 GeV Higgs boson to fermions},
	Journal = {Nature Physics},
	Year    = {2014}
}

%% =================================================
%% ----------------------  2013 --------------------
@Article{horata2013,
	Title    = {Robust extreme learning machine},
	Journal  = {Neurocomputing},
	Volume   = {102},
	Pages    = {31 - 44},
	Year     = {2013},
	note     = {Advances in Extreme Learning Machines (ELM 2011)},
	issn     = {0925-2312},
	doi      = {http://dx.doi.org/10.1016/j.neucom.2011.12.045},
	Url      = {http://www.sciencedirect.com/science/article/pii/S0925231212004171},
	Author   = {Punyaphol Horata and Sirapat Chiewchanwattana and Khamron Sunat},
	keywords = {Extreme learning machine},
	keywords = {Moore–Penrose pseudo inverse},
	keywords = {Singular Value Decomposition},
	keywords = {Extended Complete Orthogonal Decomposition},
	keywords = {Iteratively reweighted least squares},
	keywords = {Multivariate least-trimmed squares},
	keywords = {Minimax probability machine regression},
	keywords = {Meta-metrics evaluation},
	keywords = {Outlier},
	keywords = {Robustness}
}
@Article{nobrega2013,
	Title    = {{O LHC (Large Hadron Collider) e a nossa física de cada dia}},
	Journal  = {{Revista Brasileira de Ensino de Física}},
	Author   = {Fábio Kopp {NÓBREGA} and Luiz Fernando Mackedanz},
	ISSN     = {1806-1117},
	language = {pt},
	Url      = {http://www.scielo.br/scielo.php?script=sci_arttext&pid=S1806-11172013000100001&nrm=iso},
	Volume   = {35},
	Year     = {2013},
	Month    = {03},
	Pages    = {1 - 11},
	Publisher = {scielo}
}
@Article{pimenta2013,
	Author  = {Jean Júnio Mendes Pimenta AND Lucas Francisco Bosso Belussi AND Erica Regina Takano Natti and Paulo Laerte Natti},
	Title   = {O Bóson de Higgs},
	Journal = {Revista Brasileira de Ensino de Física},
	ISSN    = {1806-1117},
	Url     = {http://www.scielo.br/scielo.php?script=sci_arttext&pid=S1806-11172013000200006&nrm=iso},
	Volume  = {35},
	Year    = {2013},
	month   = {06},
	Pages   = {1 - 14},
	publisher = {scielo}
}
%% =================================================
%% ----------------------  2012 --------------------
@Article{brumfiel2012,
	Author  = {Geoff Brumfiel},
	Title   = {{LHC} prepares for data pile-up},
	Journal = {Nature Physics},
	Year    = {2012},
	Url     = {http://www.nature.com/news/lhc-prepares-for-data-pile-up-1.10596},
	Urlaccessdate = {20 Set 2016}
}
@Article{reyes2012,
	Title    = {Monitoramento e diagnóstico de múltiplos sensores por redes neurais auto-associativas},
	Journal   = {Sba: Controle \& Automação Sociedade Brasileira de Automatica},
	Author    = {Javier Reyes and Marley Vellasco and Ricardo Tanscheit},
	ISSN    = {0103-1759},
	Url    = {http://www.scielo.br/scielo.php?script=sci_arttext&pid=S0103-17592012000200001&nrm=iso},
	Volume    = {23},
	Year    = {2012},
	month    = {04},
	Pages    = {121 - 137},
	publisher = {Scielo}
}
@article {atlas22012,
	author = {{ATLAS Collaboration}},
	title = {A Particle Consistent with the Higgs Boson Observed with the {ATLAS} Detector at the Large Hadron Collider},
	volume = {338},
	number = {6114},
	pages = {1576--1582},
	year = {2012},
	doi = {10.1126/science.1232005},
	publisher = {American Association for the Advancement of Science},
	abstract = {Nearly 50 years ago, theoretical physicists proposed that a field permeates the universe and gives energy to the vacuum. This field was required to explain why some, but not all, fundamental particles have mass. Numerous precision measurements during recent decades have provided indirect support for the existence of this field, but one crucial prediction of this theory has remained unconfirmed despite 30 years of experimental searches: the existence of a massive particle, the standard model Higgs boson. The ATLAS experiment at the Large Hadron Collider at CERN has now observed the production of a new particle with a mass of 126 giga{\textendash}electron volts and decay signatures consistent with those expected for the Higgs particle. This result is strong support for the standard model of particle physics, including the presence of this vacuum field. The existence and properties of the newly discovered particle may also have consequences beyond the standard model itself.},
	issn = {0036-8075},
	URL = {http://science.sciencemag.org/content/338/6114/1576},
	eprint = {http://science.sciencemag.org/content/338/6114/1576.full.pdf},
	journal = {Science}
}

%% =================================================
%% ----------------------  2011 --------------------
@Article{koletsou2011,
	Title   = {The {ATLAS} liquid argon calorimeter at the {LHC} },
	Journal = {Nuclear Instruments and Methods in Physics Research Section A: Accelerators,  Spectrometers, Detectors and Associated Equipment },
	Volume  = {628},
	Number  = {1},
	Pages   = {351 - 354},
	Year    = {2011},
	note    = {\{VCI\} 2010Proceedings of the 12th International Vienna Conference on Instrumentation },
	issn    = {0168-9002},
	doi    = {http://dx.doi.org/10.1016/j.nima.2010.06.351},
	Url    = {http://www.sciencedirect.com/science/article/pii/S016890021001541X},
	Author  = {Iro Koletsou},
	keywords = {LHC},
	keywords = {ATLAS},
	keywords = {Liquid argon calorimeter }
	}

@Article{huang2011,
	author   = {Guang-Bin Huang and Dian Hui Wang and Yuan Lan},
	title    = {Extreme learning machines: a survey},
	journal  = {International Journal of Machine Learning and Cybernetics},
	year     = {2011},
	volume   = {2},
	number   = {2},
	pages    = {107--122},
	abstract = {Computational intelligence techniques have been used in wide applications. Out of numerous computational intelligence techniques, neural networks and support vector machines (SVMs) have been playing the dominant roles. However, it is known that both neural networks and SVMs face some challenging issues such as: (1) slow learning speed, (2) trivial human intervene, and/or (3) poor computational scalability. Extreme learning machine (ELM) as emergent technology which overcomes some challenges faced by other techniques has recently attracted the attention from more and more researchers. ELM works for generalized single-hidden layer feedforward networks (SLFNs). The essence of ELM is that the hidden layer of SLFNs need not be tuned. Compared with those traditional computational intelligence techniques, ELM provides better generalization performance at a much faster learning speed and with least human intervene. This paper gives a survey on ELM and its variants, especially on (1) batch learning mode of ELM, (2) fully complex ELM, (3) online sequential ELM, (4) incremental ELM, and (5) ensemble of ELM.},
	issn     = {1868-808X},
	doi    = {10.1007/s13042-011-0019-y},
	url    = {http://dx.doi.org/10.1007/s13042-011-0019-y}
	}

@article{SOARES2011,
	title   = {Recursive diameter prediction and volume calculation of eucalyptus trees using Multilayer Perceptron Networks},
	journal = {Computers and Electronics in Agriculture},
	volume  = {78},
	number  = {1},
	pages   = {19 - 27},
	year    = {2011},
	issn    = {0168-1699},
	doi     = {https://doi.org/10.1016/j.compag.2011.05.008},
	url     = {http://www.sciencedirect.com/science/article/pii/S0168169911001232},
	author  = {Fabr{\'i}zzio Alphonsus A.M.N. Soares and Edna L{\'u}cia Fl{\^o}res and Christian Dias Cabacinha and Gilberto Arantes Carrijo and Antônio Cláudio Paschoarelli Veiga},
	keywords = {Estimating diameter, Forest inventory, Multilayer Perceptron, Recursive prediction, Volumetric equations}
    }
%% =================================================
%% ----------------------  2010 --------------------
@Article{simas2010,
	Title    = {Modified post-nonlinear {ICA} model for online neural discrimination },
	Journal  = {Neurocomputing },
	Volume   = {73},
	Number   = {16–18},
	Pages    = {2820 - 2828},
	Year    = {2010},
	issn    = {0925-2312},
	doi    = {http://dx.doi.org/10.1016/j.neucom.2010.03.025},
	Url    = {http://www.sciencedirect.com/science/article/pii/S0925231210002511},
	Author   = {Eduardo F. {SIMAS FILHO} and José Manoel  {SEIXAS} and Luiz Pereira {CALÔBA}},
	keywords = {{PNL} mixing model},
	keywords = {Neural discriminator},
	keywords = {High energy physics},
	keywords = {Calorimetry }
}
@Article{nath2010,
	Title   = {The Hunt for New Physics at the {Large Hadron Collider}},
	Author  = {Pran Nath and Brent Nelson and Hooman Davoudiasl and Bhaskar Dutta and Daniel Feldman and Zuowei Liu and Tao Han and Paul Langacker and Rabi Mohapatra and Jose Valle and Apostolos Pilaftsis and Dirk Zerwas and Shehu AbdusSalam and Claire Adam-Bourdarios and J.A. Aguilar-Saavedra and Benjamin Allanach and B. Altunkaynak and Luis A. Anchordoqui and Howard Baer and Borut Bajc and O. Buchmueller and M. Carena and R. Cavanaugh and S. Chang and Kiwoon Choi and C. Csáki and S. Dawson and F. de Campos and A. De Roeck and M. Dührssen and O.J.P. Éboli and J.R. Ellis and H. Flächer and H. Goldberg and W. Grimus and U. Haisch and S. Heinemeyer and M. Hirsch and M. Holmes and Tarek Ibrahim and G. Isidori and Gordon Kane and K. Kong and Remi Lafaye and G. Landsberg and L. Lavoura and Jae Sik Lee and Seung J. Lee and M. Lisanti and Dieter Lüst and M.B. Magro and R. Mahbubani and M. Malinsky and Fabio Maltoni and S. Morisi and M.M. Mühlleitner and B. Mukhopadhyaya and M. Neubert and K.A. Olive and Gilad Perez and Pavel Fileviez Pérez and T. Plehn and E. Pontón and Werner Porod and F. Quevedo and M. Rauch and D. Restrepo and T.G. Rizzo and J.C. Romão and F.J. Ronga and J. Santiago and J. Schechter and G. Senjanović and J. Shao and M. Spira and S. Stieberger and Zack Sullivan and Tim M.P. Tait and Xerxes Tata and T.R. Taylor and M. Toharia and J. Wacker and C.E.M. Wagner and Lian-Tao Wang and G. Weiglein and D. Zeppenfeld and K. Zurek},
	Journal = {Nuclear Physics B - Proceedings Supplements},
	Volume  = {200},
	Number  = {},
	Pages   = {185 - 417},
	Year    = {2010},
	Note    = {},
	Issn    = {0920-5632},
	Doi     = {http://dx.doi.org/10.1016/j.nuclphysbps.2010.03.001},
	Url     = {http://www.sciencedirect.com/science/article/pii/S0920563210001490}
	}
@article{abdi2010,
	title   = {Jackknife},
	author  = {Hervé Abdi and Lynne J. Williams},
	Journal = {Neil Salkind (Ed.), Encyclopedia of Research Design},
	Year    = {2010},
	Url     = {http://www.utd.edu/~Herve/abdi-Jackknife2010-pretty.pdf}
	}
%% =================================================
%% ----------------------  2009 --------------------
@Article{moreira2009,
	Author   = {Marco Antonio Moreira},
	Title    = {O Modelo Padrão Da Física De Partículas}, 
	Journal  = {Revista Brasileira de Ensino de Física},
	Year     = {2009},
	Url      = {www.sbfisica.org.br},
	Volume   = {31}, 
	Number   = {1},
	Pages    = {1-158}
}
@Article{yoriyaz2009,
	Title   = {M{\'e}todo de Monte Carlo: princ{\'\i}pios e aplica{\c{c}}{\~o}es em F{\'\i}sica M{\'e}dica},
	Author  = {Yoriyaz, H{\'e}lio},
	Journal = {Revista Brasileira de F{\'\i}sica M{\'e}dica},
	Volume  = {3},
	Number  = {1},
	Url     = {https://www.ipen.br/biblioteca/2008/14528.pdf},
	Year    = {2009}
}
%% =================================================
%% ----------------------  2008 --------------------
@Article{evans2008,
	Author  = {L. Evans and P. Bryant},
	Title   = {{LHC} Machine},
	Journal = {Journal Of Instrumentation},
	Year    = {2008}, 
	Volume  = {3},
	Number  = {Ss08001},
	Pages   = {1-158}
}
@article{Antonelo2008,
	title   = {Event detection and localization for small mobile robots using reservoir computing},
	journal = {Neural Networks},
	volume  = {21},
	number  = {6},
	pages   = {862 - 871},
	year    = {2008},
	note    = {Computational and Biological Inspired Neural Networks, selected papers from ICANN 2007},
	issn    = {0893-6080},
	doi     = {https://doi.org/10.1016/j.neunet.2008.06.010},
	url     = {http://www.sciencedirect.com/science/article/pii/S0893608008001317},
	author  = {E.A. Antonelo and B. Schrauwen and D. Stroobandt},
	keywords = {Reservoir Computing, Robot localization, Event detection}
    }
@Article{atlas2008,
	Author  = {{ATLAS Collaboration}},
	Title   = {{ATLAS} Experiment at {CERN} {L}arge {H}adron {C}ollider},
	Journal = {Journal of Instrumentation},
	Year    = {2008},
	Volume  = {3},
	url     = {http://stacks.iop.org/1748-0221/3/i=08/a=S08003},
	Number  = {S08003},
	Pages   = {1-407},
	abstract= {The {ATLAS} detector as installed in its experimental cavern at point 1 at CERN is described in this paper. A brief overview of the expected performance of the detector when the Large Hadron Collider begins operation is also presented.}
} 
%% =================================================
%% ----------------------  2007 --------------------
@Article{simas2007,
	Author    = {E. F. {SIMAS FILHO} and J. M. {SEIXAS}},
	Title     = {Nonlinear Independent Component Analysis},
	SubTitle  = {Theoretical Review And Applications},
	Journal   = {Learning \& Nonlinear Models},
	Pages     = {99-120},
	Publisher = {SBRN},
	Year      = {2007},
	Volume    = {5},
	Number    = {2}
}
%% =================================================
%% ----------------------  2006 --------------------
@Article{huang2006,
	Title    = {Extreme Learning Machine: Theory and Applications},
	Journal  = {Neurocomputing},
	Volume   = {70},
	Number   = {1},
	Pages    = {489 - 501},
	Year     = {2006},
	Note     = {Papers From The 7th Brazilian Symposium On Neural Networks ({SBRN} 04)},
	Issn     = {0925-2312},
	doi      = {http://dx.doi.org/10.1016/j.neucom.2005.12.126},
	Url      = {http://www.sciencedirect.com/science/article/pii/s0925231206000385},
	Author   = {Guang-Bin Huang and Qin-Yu Zhu and Chee-Kheong Siew},
	Keywords = {Feedforward Neural Networks},
	Keywords = {Back-propagation Algorithm},
	Keywords = {Extreme Learning Machine},
	Keywords = {Rupport Vector Machine},
	Keywords = {Real-time Learning},
	Keywords = {Random Node}
}

@Article{TomFawcett2006,
	Title   = {An introduction to {ROC} analysis },
	Journal = {Pattern Recognition Letters },
	Volume  = {27},
	Number  = {8},
	Pages   = {861 - 874},
	Year    = {2006},
	note    = {{ROC} Analysis in Pattern Recognition },
	issn    = {0167-8655},
	doi    = {http://dx.doi.org/10.1016/j.patrec.2005.10.010},
	Url    = {http://www.sciencedirect.com/science/article/pii/S016786550500303X},
	Author  = {Tom Fawcett},
	keywords = {\{ROC\} analysis},
	keywords = {Classifier evaluation},
	keywords = {Evaluation metrics}
}
@Article{anjos2006,
	Author  = {A. dos Anjos and Torres R. C. and J. M. {SEIXAS}  and {Ferreira} B.C. and {Xavier} T. C.},
	Title   = {Neural Triggering System Operating on High Resolution Calorimetry Information},
	Journal = {Nuclear Instruments and Methods In Physics Research A},
	Year    = {2006},
	Month   = {Abril},
	Volume  = {559},
	Pages   = {134-138},
	Doi    = {10.1016/j.nima.2005.11.132},
	AdsUrl  = {http://adsabs.harvard.edu/abs/2006nimpa.559..134d},
	Adsnote = {Provided By The Sao/Nasa Astrophysics Data System}
}

%% =================================================
%% ----------------------  2005 --------------------
@Article {jaeger2004,	
	author  = {Herbert Jaeger and Harald Haas},
	title   = {Harnessing Nonlinearity: Predicting Chaotic Systems and Saving Energy in Wireless Communication},
	volume  = {304},
	number  = {5667},
	pages   = {78--80},
	year    = {2004},
	doi     = {10.1126/science.1091277},
	issn    = {0036-8075},
	URL     = {http://science.sciencemag.org/content/304/5667/78},
	eprint  = {http://science.sciencemag.org/content/304/5667/78.full.pdf},
	journal = {Science}, 
	publisher = {American Association for the Advancement of Science},
	abstract  = {We present a method for learning nonlinear systems, echo state networks (ESNs). ESNs employ artificial recurrent neural networks in a way that has recently been proposed independently as a learning mechanism in biological brains. The learning method is computationally efficient and easy to use. On a benchmark task of predicting a chaotic time series, accuracy is improved by a factor of 2400 over previous techniques. The potential for engineering applications is illustrated by equalizing a communication channel, where the signal error rate is improved by two orders of magnitude.}
}
%% =================================================
%% ----------------------  2004 --------------------
@Article {caren:roc,
	Author   = {Caren Marzban},
	Title    = {The Roc Curve and The Area Under It As Performance Measures},
	Journal  = {Weather and Forecasting},
	FJournal = {Ams Journals},
	Volume   = {24},
	Year     = {2004},
	Pages    = {1106-1114}
}
%% =================================================
%% ----------------------  2003 --------------------
@article{kane2003,
	Abstract = {Today, centuries after the search began for the fundamental constituents that make up all the complexity and beauty of the everyday world, we have an astonishingly simple answer-it takes just six particles: the electron, the up and the down quarks, the gluon, the photon and the Higgs boson.Rather it is a conclusion embodied in the most sophisticated mathematical theory of nature in history, the Standard Model of particle physics. In one respect, this success is rewarding because it confirms that we really understand, at a deeper level than ever before, how nature works. Consequently, a nonzero Higgs field permeates the universe, and particles always interact with this field, traveling through it like people wading through water. The Standard Model of particle physics is the most successful theory of nature in history, but increasingly there are signs that it must be extended by adding new articles that play roles in high-energy reactions. INSETS: Overview/A New Era;THE STANDARD MO},
	Author   = {Gordon Kane},
	ISSN    = {00368733},
	Journal  = {Scientific American},
	Keywords = {Physics, Particles (Nuclear physics), Physicists, Symmetry (Physics)},
	Number   = {6},
	Pages    = {68},
	Title    = {The Dawn of PHYSICS BEYOND THE STANDARD MODEL.},
	Volume   = {288},
	Url    = {http://search-ebscohost-com.ez10.periodicos.capes.gov.br/login.aspx?direct=true&db=aph&AN=9725646&lang=pt-br&site=ehost-live},
	Year    = {2003}
}

@Article{T2Calo2003,
	Author  = {{ATLAS Collaboration}},
	Title   = {{ATLAS} High Level Trigger, Data Acquisition and Controls Technical Design Report.},
	Journal = {Tech. Rep., CERN, Genbra, Suíça},
	Year    = {2003}
}

@article{jaeger2001,
	title   = {The ``echo state'' approach to analysing and training recurrent neural networks-with an erratum note},
	author  = {Herbert Jaeger },
	journal = {{Bonn, Germany: German National Research Center for Information Technology {GMD} Technical Report}},
	volume  = {148},
	number  = {34},
	pages   = {13},
	year    = {2001}
	}
%% =================================================
%% ----------------------  1999 --------------------
@article{Han1999,
	author         = {Tao Han and JoAnne L. Hewett},
	title          = {{Top-charm associated production in high-energy $e^{+} e^{-}$ collisions}},
	journal        = {Phys. Rev. D},
	volume         = {60},
	year           = {1999},
	pages          = {074015},
	numpages       = {9},
	month          = {Sep},
	doi            = {10.1103/PhysRevD.60.074015},
	publisher      = {American Physical Society},
	eprint         = {hep-ph/9811237},
	archivePrefix  = {arXiv},
	primaryClass   = {hep-ph},
	reportNumber   = {SLAC-PUB-7981, MADPH-98-1090},
	url            = {https://link.aps.org/doi/10.1103/PhysRevD.60.074015}
    }

%% =================================================
%% ----------------------  1993 --------------------
@Article{seixas1996,
	title    = {Neural second-level trigger system based on calorimetry},
	journal  = {Computer Physics Communications},
	volume   = {95},
	number   = {2},
	pages    = {143 - 157},
	year     = {1996},
	issn     = {0010-4655},
	doi      = {https://doi.org/10.1016/0010-4655(96)00012-4},
	url      = {http://www.sciencedirect.com/science/article/pii/0010465596000124},
	author   = {J.M. Seixas and L.P. Caloba and M.N. Souza and A.L. Braga and A.P. Rodrigues},
	abstract = {A second-level triggering system based on calorimetry is analyzed using neural networks. Calorimeter data in a LHC environment is obtained with Monte Carlo simulations and an algorithm for the first-level trigger operation is applied. The surviving events are then available as a 20×20 matrix information corresponding to the calorimeter towers in the region of interest. The dominant background for triggering on electrons is assumed to consist of QCD jets which passed the first-level trigger condition. The main features of the calorimeter are extracted. Matrix information, shower deposition in concentric rings and tail weighting procedures are studied. The processed information is sent to a fully connected backpropagation neural network. In this analysis we also consider pileup effects of an average of 20 minimum bias events. The neural network based system achieved up to 99% electron efficiency with less than 9% of jets being misclassified as electrons. Implementation on digital signal processors is suggested.}
	}
%% =================================================
%% ----------------------  1993 --------------------
@Article{moller93,
    Author = {Martin F. Møller},
    Title  = {A scaled conjugate gradient algorithm for fast supervised learning},
    Journal = {NEURAL NETWORKS},
    Year   = {1993},
    Volume = {6},
    Number = {4},
    Pages  = {525--533}
    }

%% =================================================
%% ----------------------  LIVROS --------------------
@book{book:Braibant2012,
	title     = {Particles and Fundamental Interactions: An Introduction to Particle Physics},
	author    = {Sylvie Braibant and Giorgio Giacomelli and Maurizio Spurio},
	publisher = {Springer Netherlands},
	isbn      = {9400724632,9789400724631},
	year      = {2012},
	series    = {Undergraduate Lecture Notes in Physics},
	edition   = {2}
	}
@book{book:Ellwanger2012,
	title   = {From the Universe to the Elementary Particles: A First Introduction to Cosmology and the Fundamental Interactions},
	author  = {Ulrich Ellwanger},
	publisher = {Springer},
	isbn    = {3642243746,9783642243745},
	year    = {2012},
	series  = {Undergraduate Lecture Notes in Physics},
	edition = {1}
	}

@Book{book:smith2003,
    Address  = {BUrlington, MA},
    Author   = {Steven W. Smith},
    Title    = {Digital Signal Processing - A Practical Guide for Engineers and Scientists},
    Publisher = {Newnes},
    Year    = {2003},
    Edition  = {3rd Revised},
    ISSN    = {075067444X}
    }
@Book{book:kuncheva2004,
	Address  = {Burlington, MA},
	Author   = {Ludmila I. Kuncheva},
	Title    = {Combining Pattern Classifiers, Methods and Algorithms},
	Publisher = {Wiley},
	Year    = {2004},
	ISBN    = {0-471-21078-1}
    }
@Book{book:oppen1998,
    Address  = {New Jersey},
    Author   = {Alan V. Oppenheim and Ronal W. Shafer and J. R. Buck},
    Title    = {Discret-time signal processing},
    Publisher = {Prentice Hall},
    Year     = {1998},
    Edition  = {2}
    }
@Book{book:hyvarinen2001,
    Author   = {A. Hyvarinen  and J. Karhunen  and E. Oja },
    Title    = {Independent Component Analysis},
    ublisher = {Wiley},
    Year     = {2001},
    Address  = {Nova York, Estados Unidos}
    }
@Book{book:joliffe2002,
    Author    = {I. T. Jolliffe},
    Title     = {Principal Component Analysis},
    Publisher = {Springer},
    Year      = {2002},
    Edition   = {2nd},
    Address   = {Nova York, Estados Unidos}
    }    
@Book{book:braga2007,
    Address   = {Rio de Janeiro},
    Author    = {Antonio de Pádua Braga and André Carlos Ponde de Leon de Carvalho and Teresa Bernardes Ludermir},
    Title    = {Redes Neurais Artificiais: teoria e aplicações},
    Publisher = {LTC},
    Year    = {2007},
    Edition   = {1}
    }
@Book{book:oppen2010,
    Address = {São Paulo},
    Author  = {Alan V. Oppenheim and Alan S. Willsky com S. Hamid Nawab},
    Title   = {Sinais e Sistemas},
    Publisher = {Pearson Prentice Hall},
    Year    = {2010},
    Edition = {1}
    }
@Book{book:ripley1996,
    Address   = {Cambridge},
    Author    = {B. D. Ripley},
    Title    = {Pattern Recognition and Neural Networks},
    Publisher = {Cambridge University Press},
    Year    = {1996},
    }
@Book{book:simon2001,
    Address  = {Porto Alegre},
    Author   = {Simon Haykin},
    Title    = {Sinais e Sistemas},
    Publisher = {Bookman},
    note    = {tradutor: José Carlos Baarbosa dos Santos},
    Year    = {2001}
    }
@Book{book:simonhaykin2008,
    Author    = {Haykin, S.},
    Title     = {Neural Networks and Learning Machines},
    Publisher = {Prentice Hall},
    Year      = {2008},
    Edition   = {3rd Ed},
    ISBN-13   = {978-0-13-147139-9},
    Address   = {Nova Jersey, Estados Unidos}
    }
@Book{book:kattifaceli2011,
    Author    = {K. Facelli and A. C. Lorena and J. Gama and A. Carvalho},
    Title     = {Inteligência Artificial uma Abordagem de Aprendizado de Máquina},
    Publisher = {LTC},
    Year      = {2011},
    Address   = {Rio de Janeiro},
    Volume    = {1}
    }
@Book{book:rocha2002,
	Author    = {José Fernando M. Rocha},
	Editor    = {Alana Carvalho},
	Title     = {Origens e evolução das ideias da física},
	Address   = {Salvador},
	Publisher = {EDUFBA},
	Note      = {Organizador},
	Year      = {2002},
	Pages     = {299 -- 359}
} 
@Book{book:Oliveira2006,
	Author    = {Ótom Anselmo de Oliveira and Joana D’arc Gomes Fernandes},
	Editor    = {Alana Carvalho},
	Title     = {Arquitetura atômica e molecular},
	Address   = {Natal},
	Publisher = {EDUFRN},
	Note      = {Organizador},
	isbn      = {85-7273-278-0},
	Year      = {2006},
	Pages     = {280}
    }
@book{atlas1999,
	author        = {{ATLAS Collaboration}},
	title         = {{ATLAS} detector and physics performance: Technical Design Report, 1},
	publisher     = {CERN},
	collaboration = {ATLAS Collaboration},
	address       = {Geneva},
	series        = {Technical Design Report {ATLAS}},
	year          = {1999},
	url           = {https://cds.cern.ch/record/391176}
	}
@InBook{book:aurino2002,
    Author    = {Aurino {RIBEIRO FILHO}},
    Editor    = {Alana Carvalho},
    BookTitle = {Origens e evolução das ideias da física},
    Title     = {Os quanta e a física Moderna},
    Chapter   = {{V}},
    Publisher = {EDUFBA},
    Year      = {2002},
    Pages     = {299 -- 359}
    }    
@Booklet{book:pinheiro2011,
    Title    = {Do átomo grego ao Modelo Padrão: os indivisíveis de hoje},
    ISSN     = {1807-2763},
    Author   = {Lisiane Araújo Pinheiro and Sayonara Salvador Cabral da Costa and Marco Antonio Moreira},
    Publisher = {Instituto de Física - UFRGS},
    Year     = {2011},
    Editor   = {Marco Antonio Moreira and Eliane Angela Veit},
    Note     = {Textos de Apoio ao Professor de Física}
    }

%% =================================================
%% ---------------  PROCEEDINGS --------------------

%% --------------------  2017 ----------------------
@InProceedings{santos2017,
	Author    = {Marton S. dos Santos and Edmar E. P. de Souza and Eduardo F. {Simas Filho} and Paulo C. M. A. Farias and Werner S. Freund and José M.  {SEIXAS}},
	Title     = {M{\'a}quinas de Aprendizado Extremo para Classificação Online de Eventos no detector {ATLAS}},
	Booktitle = {XXXV Simpósio Brasileiro de Telecomunicaçõees e Processamento de Sinais (SBrT 2017) (SBrT 2017)},
	Address   = {São Pedro, Brazil},
	Pages     = {413-417},
	Days      = {3},
	Month     = {sep},
	Year      = {2017},
	Keywords  = {Redes Neurais; ELM; Processamento de Sinais; Detector {ATLAS}},
	Abstract  = {{ATLAS} is one of the LHC detectors, located at CERN. For characterization of the particles the energy deposition profile is measured using the calorimeter, which in {ATLAS} is composed of more than 100,000 sensors. Neural Ringer, one of {ATLAS}'s online electron detection discriminators, uses a multilayer perceptron classifier, with inputs to the energy deposition profile. This paper proposes the use of Extreme Learning Machines instead of MLP networks in Neural Ringer. Results pointed to a considerable reduction in training time, with similar classification performance.}
} 
@InProceedings{faria2017,
	Author    = {Mateus H. M. Faria and Luciano M. A. Filho and Joao Paulo B. da S. Duarte and Jos{\'e} M. {SEIXAS}},
	Title     = {Redes neurais para filtragem inversa com aplicação em calorímetros operando a alta taxa de eventos},
	Booktitle = {XXXV Simpósio Brasileiro de Telecomunicaçõees e Processamento de Sinais (SBrT 2017) (SBrT 2017)},
	Address   = {São Pedro, Brazil},
	Pages     = {403-407},
	Days      = {3},
	Month     = {sep},
	Year      = {2017},
	Keywords  = {Rede neural, FPGA, calor´ımetro, empilhamento de sinais}
}
%% =================================================
%% --------------------  2016 ----------------------
@InProceedings{Schaetti2016, 
	author    = {Nils Schaetti and Michael Salomon and Rapha\"{e}l Couturier}, 
	booktitle = {2016 IEEE Intl Conference on Computational Science and Engineering (CSE) and IEEE Intl Conference on Embedded and Ubiquitous Computing (EUC) and 15th Intl Symposium on Distributed Computing and Applications for Business Engineering (DCABES)}, 
	title     = {Echo State Networks-Based Reservoir Computing for MNIST Handwritten Digits Recognition}, 
	year      ={2016}, 
	pages     ={484-491}, 
	abstract  ={Reservoir Computing is an attractive paradigm of recurrent neural network architecture, due to the ease of training and existing neuromorphic implementations. Successively applied on speech recognition and time series forecasting, few works have so far studied the behavior of such networks on computer vision tasks. Therefore we decided to investigate the ability of Echo State Networks to classify the digits of the MNIST database. We show that even if ESNs are not able to outperform state-of-the-art convolutional networks, they allow low error thanks to a suitable preprocessing of images. The best performance is obtained with a large reservoir of 4,000~neurons, but committees of smaller reservoirs are also appealing and might be further investigated.}, 
	keywords = {Biological neural networks;Computer architecture;Computer vision;Neuromorphics;Neurons;Reservoirs;Training;Echo State Networks;Reservoir Computing;digits recognition}, 
	doi       ={10.1109/CSE-EUC-DCABES.2016.229}, 
	month     ={Aug}
}
@InProceedings{Tanisaro2016, 
	author    = {P. Tanisaro and G. Heidemann}, 
	booktitle = {2016 15th IEEE International Conference on Machine Learning and Applications (ICMLA)}, 
	title     = {Time Series Classification Using Time Warping Invariant Echo State Networks}, 
	year      = {2016}, 
	pages     = {831-836}, 
	abstract  = {For many years, neural networks have gained gigantic interest and their popularity is likely to continue because of the success stories of deep learning. Nonetheless, their applications are mostly limited to static and not temporal patterns. In this paper, we apply time warping invariant Echo State Networks (ESNs) to time-series classification tasks using datasets from various studies in the UCR archive. We also investigate the influence of ESN architecture and spectral radius of the network in view of general characteristics of data, such as dataset type, number of classes, and amount of training data. We evaluate our results comparing it to other state-of-the-art methods, using One Nearest Neighbor (1-NN) with Euclidean Distance (ED), Dynamic Time Warping (DTW) and best warping window DTW.}, 
	keywords  = {recurrent neural nets;signal classification;time series;ESN architecture;Euclidean distance;UCR archive;amount-of-training data;best warping window DTW;dataset type;dynamic time warping;neural networks;number-of-classes;one nearest neighbor;signal similarity assessment;spectral radius;time series classification tasks;time warping invariant echo state networks;Biological neural networks;Biological system modeling;Neurons;Reservoirs;Time measurement;Time series analysis;Training;Echo State Network;Neural Network;Time Series Classification}, 
	doi       = {10.1109/ICMLA.2016.0149}, 
	month     = {Dec}
}
@inproceedings{luz2016,
	Author     = {Igor A. dos S. Luz and Eduardo F. S. Filho and Paulo C. M. A. Farias and Matheus Beck and Luciano M. Andrade and João Paulo B. S. Duarte and José M. {SEIXAS}},
	BookTitle  = {Anais do XXI Congresso Brasileiro de Automática},    
	Publisher  = {CBA - Congresso Brasileiro de Automática},
	Title      = {Sistema para Redução da Sobreposição de Sinais em Calorimetria de Altas Energias em Operação com Alta Taxa de eventos},
	Urlaccessdate = {3 a 7 out. 2016},
	Year       = {2016},
}
@Inproceedings{werner2016,
	Author    = {Werner Spolidoro Freund and João Victor da Fonseca Pinto and José M. {SEIXAS}},
	Booktitle = {Anais do XXI Congresso Brasileiro de Automática},
	Pages     = {1072 - 1079},
	Publisher = {CBA - Congresso Brasileiro de Automática},
	Title     = {Redes Neurais Aplicadas na Identificação de Partículas em um Detector Finamente Segmentado},
	Urlaccessdate = {3 a 7 out. 2016},
	Year      = {2016},
}
@article{Inamura2016,
	issn      = {0021-4280},
	volume    = {92B},
	publisher = {The Japan Academy},
	number    = {NO. 4},
	year      = {2016},
	title     = {Nagaoka's atomic model and hyperfine interactions.(Report)},
	language  = {eng},
	author    = {Takashi T. Inamura},
	keywords  = {Bohr Model – Research},
	month     = {April},
	abstract  = {The prevailing view of Nagaoka's "Saturnian" atom is so misleading that today many people have an erroneous picture of Nagaoka's vision. They believe it to be a system involving a 'giant core' with electrons circulating just outside. Actually, though, in view of the Coulomb potential related to the atomic nucleus, Nagaoka's model is exactly the same as Rutherford's. This is true of the Bohr atom, too. To give proper credit, Nagaoka should be remembered together with Rutherford and Bohr in the history of the atomic model. It is also pointed out that Nagaoka was a pioneer of understanding hyperfine interactions in order to study nuclear structure. Keywords: Nagaoka-Rutherford-Bohr atomic model (N-R-B model), the origin of hyperfine interactions},
    }



%% =================================================
%% --------------------  2015 ----------------------
@InProceedings{Wen2015, 
	author    = {G. Wen and H. Li and D. Li}, 
	booktitle = {2015 International Conference on Affective Computing and Intelligent Interaction (ACII)}, 
	title     = {An ensemble convolutional echo state networks for facial expression recognition}, 
	year      = {2015}, 
	pages     = {873-878}, 
	abstract  = {Facial expressions recognition (FER) plays a much important role in various applications from human-computer interfaces to psychological tests. However, most methods are confronted with the quality of the face images, vanishing gradients problem, over-trained problem, difference of face images such as in age and ethnicity, mulitple parameters required tuning, and dubious class labels in the training data. These negative factors largely hurt the recognition performance. To alleviate these problems, this paper proposes an new approach named ensemble convolutional echo state network, which takes Echo State Network (ESN) as the base classifier for ensemble and Convolutional Network (CN) to transform the input face image for further feeding to ESN, where the random parameters and architectures are assigned to ensure the diversity of the ensemble and to avoid computing stochastic gradient. Based on the rich dynamics of ESN and rich variations of input face image finished by CN, the proposed approach has the great ability to deal with the real facial expression recognition and to be scaled to the larger training data. It has also only one parameter to be adjusted. Conducted experiments show that the method achieves significant improvement over current methods on person-independent facial expression recognition.}, 
	keywords  = {convolution;emotion recognition;face recognition;image classification;recurrent neural nets;CN;ESN;FER;base classifier;class label;ensemble convolutional echo state network;ensemble diversity;face image quality;overtrained problem;person-independent facial expression recognition;training data;vanishing gradients problem;Computer architecture;Convolutional codes;Face;Face recognition;Reservoirs;Training;Training data;convolutional network;echo state network;facial expressions recognition}, 
	doi     = {10.1109/ACII.2015.7344677}, 
	month   = {Sept}
    }
%% =================================================
%% --------------------  2014 ----------------------
@Inproceedings{fernandes2014,
	Author    = {Antonio Carlos Lopes {Fernandes Jr.} and Furio Damiani},
	Booktitle = {12º Congresso de Engenharia de Audio da AES Brasil},
	Pages     = {9-16},
	Publisher = {AES - Audio Engineering Society},
	Title     = {Extração de tempo musical utilizando transformada Wavelet e rede neural artificial},
	Url       = {http://aesbrasil.org/wp-content/uploads/2014/05/Anais_AESBR2014.pdf},
	Urlaccessdate = {21 ago. 2014},
	Year      = {2014}
}
@InProceedings{souza2014,
	Author    = {Edmar E. P. de Souza and Eduardo F. {SIMAS FILHO} and P. C. M. A. Farias and José M. {SEIXAS}},
	BookTitle = {Anais Do XX Congresso Brasileiro de Automática},
	Pages     = {1072 - 1079},
	Publisher = {CBA - Congresso Brasileiro De Automática},
	Title     = {Sistema Neural Para Seleção Online De Eventos Com Pré-Processamento Através de {DWT}},
	\Url      = {http://www.swge.inf.br/cba2014/anais/pdf/1569935671.pdf},
	adress    = {Belo Horizonte},
	Urlaccessdate = {20 a 24 Set. 2014},
	Year      = {2014},
}
@InProceedings{desouza2014,
	Author    = {Edmar E. P. de Souza and Diego C. Teles and Fábio Batista and Eduardo F. {SIMAS FILHO} and P. C. M. A. Farias, José M. {SEIXAS}},    
	BookTitle = {Anais do XX Congresso Brasileiro de Automática},   
	Pages     = {2493 - 2499},
	Publisher = {CBA - Congresso Brasileiro de Automática},
	adress    = {Belo Horizonte},
	Title     = {Sistema Neural Segmentado De Detecção Online De Elétrons Utilizando Pré-Processamento Estatístico},
	url  = {http://www.swge.inf.br/cba2014/anais/PDF/1569935545.pdf},
	Urlaccessdate = {20 A 24 Set. 2014},
	Year      = {2014},
} 
@article{Ruckstuhl2014,
	title  ={Robust Fitting of Parametric Models Based on {M-Estimation}},
	author ={Andreas Ruckstuhl},
	journal={Lecture notes.},
	url    = {https://www.ethz.ch/content/dam/ethz/special-interest/math/statistics/sfs/Education/Advanced%20Studies%20in%20Applied%20Statistics/course-material/robust-nonlinear/robstat16E.pdf},
	year   ={2014}
	}
%% =================================================
%% --------------------  2012 ----------------------
@InProceedings{barros2012,
	Author    = {Ana Luiza B. P. Barros and Guilherme A. Barreto},
	Title     = {Extreme Learning Machine Robusta para Reconhecimento de Faces},
	BookTitle = {XIX Encontro Nacional de Inteligência Artificial},
	Publisher = {{BRACIS} - Brazilian Conference on Intelligent Systems},
	Url       = {http://www.lbd.dcc.ufmg.br/colecoes/enia/2012/0046.pdf},
	Year      = {2012},
	OPTaddress   = {Curitiba - Paraná},
	Organization = {ENIA}
}
%% =================================================
%% --------------------  2010 ----------------------
@inproceedings{dvorkin2010,
	Author    = {Eduardo Dvorkin and Marcela Goldschmit and Mario Storti},
	Booktitle = {Mecanica Computacional Vol. XXIX},
	Pages    = {9169-9175},
	Publisher = {AMCA - Associação Argentina de Mecânica Computacional},
	Title    = {Reconhecimento de Acordes Musicais: Uma abordagem via Perceprton Multicamadas},
	Url    = {http://www.cimec.org.ar/ojs/index.php/mc/article/viewFile/3659/3572},
	Urlaccessdate = {21 ago. 2014},
	Year    = {2010}
}
@inproceedings{Scholz-Reiter2010,
	author    = {Scholz-Reiter, B. and Lensing, T. and G{\"o}rges, M. and Dickmann, L.},
	editor    = {Bruzzone, A},
	title     = {Classification of Dynamical Patterns in Autonomously Controlled Logistic Simulations Using Echo State Networks},
	booktitle = {The 13th International Conference on Harbor Maritime Multimodal Logistics Modeling \& amp; Simulation. HMS 2010},
	year      = {2010},
	pages     = {85-92},
	publisher = {DIPTEM University of GenovaGENOA},
	address   = {Fez, Morocco}
}
%% =================================================
%% --------------------  2010 ----------------------
@InProceedings{torres2009, 
	author    ={R. C. Torres and D. E. F. de Lima and E. F. de Simas Filho and J. M. de SEIXAS}, 
	booktitle ={2009 IEEE Nuclear Science Symposium Conference Record (NSS/MIC)}, 
	title     ={Neural online filtering based on preprocessed calorimeter data}, 
	year      ={2009}, 
	volume    ={}, 
	number    ={}, 
	pages     ={530-536}, 
	abstract  ={Aiming at coping with LHC high event rate, the {ATLAS} collaboration has been designing a sophisticated three-level online triggering system. A significant number of interesting events decays into electrons, which have to be identified from a huge background noise. This work proposes a highly-efficient L2 electron / jet discrimination algorithm based on artificial neural processing fed from preprocessed calorimeter information. The feature extraction part of the proposed system provides a ring structure for data description. Energy normalization is later applied to the rings, making the proposed system usable for a broad energy spectrum. Envisaging data compaction, Principal Component Analysis and Principal Component of Discrimination are compared in terms of both compaction rates and classification efficiency. For the pattern recognition section, a fully-connected feedforward artificial neural network was employed. The proposed algorithm was able to achieve an electron detection efficiency of 96% for a false alarm of 7%.}, 
	keywords ={feature extraction;feedforward neural nets;high energy physics instrumentation computing;particle calorimetry;principal component analysis;signal classification;{ATLAS} collaboration;L2 electron/jet discrimination algorithm;LHC high event rate;artificial neural processing;classification efficiency;compaction rate;data compaction;electron detection efficiency;energy normalization;feature extraction;fully-connected feedforward artificial neural network;neural online filtering;pattern recognition;preprocessed calorimeter data;principal component analysis;principal component of discrimination;sophisticated three-level online triggering system;Background noise;Collaborative work;Compaction;Electrons;Feature extraction;Filtering;Large Hadron Collider;Online Communities/Technical Collaboration;Pattern recognition;Principal component analysis;Calorimetry;Feature Extraction;Neural Networks;Online Filtering;Particle Identification;Principal Components Analysis;Principal Components of Discrimination;Signal Compaction}, 
	doi     ={10.1109/NSSMIC.2009.5401648}, 
	ISSN    ={1082-3654}, 
	month   ={Oct}
}
%% =================================================
%% --------------------  2008 ----------------------	
@InCollection{wigmans2008,
	Author    = {Richard Wigmans},
	Title     = {Calorimetry},
	Pages     = {18-55},
	Publisher = {Scientifica Acta},
	Year      = {2008},
	Url       = {http://siba.unipv.it/fisica/ScientificaActa/Volume_2_1/Wigmans.pdf},
	Address   = {Texas},
	Volume    = {2}
}

@article{Achenbach2008,
	author={R Achenbach and P Adragna and V Andrei and P Apostologlou and B Åsman and C Ay and B M Barnett and B Bauss and M Bendel and C Bohm and J R A
	Booth and I P Brawn and P Bright Thomas and D G Charlton and N J Collins and C J Curtis and A Dahlhoff and A O Davis and S
	Eckweiler and J P Edwards and E Eisenhandler and P J W Faulkner and J Fleckner and F Föhlisch and J Garvey and C N P Gee and A R
	Gillman and P Hanke and R P Hatley and S Hellman and A Hidvégi and S J Hillier and K Jakobs and M Johansen and E -E Kluge and M Landon and V
	Lendermann and J N Lilley and K Mahboubi and G Mahout and A Mass and K Meier and T Moa and E Moyse and F Müller and A Neusiedl and C
	Nöding and B Oltmann and J M Pentney and V J O Perera and U Pfeiffer and D P F Prieur and W Qian and D L Rees and S Rieke and F Rühr and D P
	C Sankey and U Schäfer and K Schmitt and H -C Schultz-Coulon and C Schumacher and S Silverstein and R J Staley and R Stamen and M C
	Stockton and S Tapprogge and J P Thomas and T Trefzger and P M Watkins and A Watson and P Weber and E -E Woehrling},
	title   = {The {ATLAS} Level-1 Calorimeter Trigger},
	journal = {Journal of Instrumentation},
	volume  = {3},
	number  = {03},
	pages   = {P03001},
	url     = {http://stacks.iop.org/1748-0221/3/i=03/a=P03001},
	year    = {2008},
	abstract= {The {ATLAS} Level-1 Calorimeter Trigger uses reduced-granularity information from all the ATLAS calorimeters to search for high transverse-energy electrons, photons, τ leptons and jets, as well as high missing and total transverse energy. The calorimeter trigger electronics has a fixed latency of about 1 μs, using programmable custom-built digital electronics. This paper describes the Calorimeter Trigger hardware, as installed in the ATLAS electronics cavern.}	
    }

%% =================================================
%% --------------------  2005 ----------------------
@InProceedings{wang2005, 
	author    = {Dianhui Wang and Guang-Bin Huang}, 
	booktitle = {Proceedings. 2005 IEEE International Joint Conference on Neural Networks, 2005.}, 
	title     = {Protein sequence classification using extreme learning machine}, 
	year      = {2005}, 
	volume    = {3}, 
	pages     = {1406-1411 vol. 3}, 
	abstract  = {Traditionally, two protein sequences are classified into the same class if they have high homology in terms of feature patterns extracted through sequence alignment algorithms. These algorithms compare an unseen protein sequence with all the identified protein sequences and returned the higher scored protein sequences. As the sizes of the protein sequence databases are very large, it is a very time consuming job to perform exhaustive comparison of existing protein sequence. Therefore, there is a need to build an improved classification system for effectively identifying protein sequences. In this paper, a recently developed machine learning algorithm referred to as the extreme learning machine (ELM) is used to classify protein sequences with ten classes of super-families downloaded from a public domain database. A comparative study on system performance is conducted between ELM and the main conventional neural network classifier - backpropagation neural networks. Results show that ELM needs up to four orders of magnitude less training time compared to BP Network. The classification accuracy of ELM is also higher than that of BP network. For given network architecture, ELM does not have any control parameters (i.e, stopping criteria, learning rate, learning epoches, etc.) to be manually tuned and can be implemented easily.}, 
	keywords  = {biology computing;learning (artificial intelligence);neural nets;proteins;backpropagation neural network;extreme learning machine;feature patterns extraction;neural network classifier;protein sequence classification;protein sequence database;public domain database;sequence alignment;Bioinformatics;Classification tree analysis;Electronic mail;Feature extraction;Genomics;Machine learning;Neural networks;Protein engineering;Protein sequence;Sequences}, 
	doi       = {10.1109/IJCNN.2005.1556080}, 
	ISSN      = {2161-4393}, 
	month     = {July}
}
@book{jaeger2005,
	title  = {A tutorial on training recurrent neural networks, covering {BPPT}, {RTRL}, {EKF} and the ``echo state network'' approach},
	author = {Herbert Jaeger},
	volume = {5},
	pages  = {46},
	year   = {2002},
	publisher={GMD-Forschungszentrum Informationstechnik Bonn}
	}
@book{jaeger2002tutorial,
	title={Tutorial on training recurrent neural networks, covering BPPT, RTRL, EKF and the" echo state network" approach},
	author={Jaeger, Herbert},
	volume={5},
	year={2002},
	publisher={GMD-Forschungszentrum Informationstechnik Bonn}
}
%% =================================================
%% --------------------  2004 ----------------------
@InProceedings{huang2004, 
	author   = {Guang-Bin Huang and Qin-Yu Zhu and Chee-Kheong Siew}, 
	booktitle= {2004 IEEE International Joint Conference on Neural Networks (IEEE Cat. No.04CH37541)}, 
	title    = {Extreme learning machine: a new learning scheme of feedforward neural networks}, 
	year     = {2004}, 
	volume   = {2}, 
	number   = {}, 
	pages    = {985-990 vol.2}, 
	doi      = {10.1109/IJCNN.2004.1380068}, 
	ISSN     = {1098-7576}, 
	month    = {July}
    }
%% =================================================
%% --------------------  2003 ----------------------
@inproceedings{jaeger2003,
	title    = {Adaptive nonlinear system identification with echo state networks},
	author   = {Jaeger, Herbert},
	booktitle= {Advances in neural information processing systems},
	pages    = {609--616},
	year     = {2003}
	}

@InProceedings{ramalho2003,
 	Author    = {José Pinto Ramalho and Flávio Michel Ramilli Issa and Mauro Conti Pereira and Sergio Duarte Brandi and Cláudio Garcia and Faud Kassab Junior},
 	BookTitle = {VI Simpósio Brasileiro de Automação Inteligente 2003},
 	Pages     = {195-200},
 	Publisher = {SBA - Sociedade Brasileira de Automática},
 	Title     = {Uma proposta para comparação de performance entre redes neurais artificiais, VI SBAI - Simpósio Brasileiro de Automação Inteligente},
 	Url       = {hhttp://fei.edu.br/sbai/SBAI2003/index.html},
 	Urlaccessdate = {21 dez. 2014},
 	Year     = {2003}
 }

%% =================================================
%% --------------------  2000 ----------------------
@Inproceedings{oliveira2000,
    Author    = {Ademyr Gonçalves de Oliveira and Sergio Butkewitsch},
    Booktitle = {CONEM - Congresso de Engenharia Mecânica - 2000},
    Publisher = {ABCM - Associação Brasileirra de Engenharia e Ciências Mecânicas},
    Title     = {Redes Neurais Artificiais aplicadas à análise da variabilidade de processos produtivos},
    Url       = {http://www.abcm.org.br/pt/wp-content/anais/conem/2000/OC8760.pdf},
    Urlaccessdate = {22 dez. 2014},
    Year     = {2000}
    }    

%% =================================================
%% --------------------  1990 ----------------------
@InCollection{bridle1990,
    Year      = {1990},
    isbn      = {978-3-642-76155-3},
    bookTitle = {Neurocomputing},
    Volume    = {68},
    series    = {NATO ASI Series},
    editor    = {Soulié, FrançoiseFogelman and Hérault, Jeanny},
    doi       = {10.1007/978-3-642-76153-9_28},
    Title     = {Probabilistic Interpretation of Feedforward Classification Network Outputs, with Relationships to Statistical Pattern Recognition},
    Url       = {http://dx.doi.org/10.1007/978-3-642-76153-9_28},
    publisher = {Springer Berlin Heidelberg},
    Author    = {Bridle, JohnS.},
    Pages     = {227-236}
    }
 

%% =================================================
%% -------------  DISSERTACOES/TESIS ---------------

@MastersThesis{me:costa2016,
	Author    = {Igor Abritta Costa},
	Title     = {Otimização dos algoritmos univariados e bivariados aplicados à identificação de elétrons no experimento {ATLAS}},
	school    = {UFJF},
	Publisher = {Dissertação de Mestrado, PPGEE/UFJF},
	Year      = {2016},
	url       = {https://repositorio.ufjf.br/jspui/handle/ufjf/4179},
	Address   = {Juiz de Fora}
}

@MastersThesis{me:edmar2015,
    Author    = {Edmar E. P. de Souza},
    Title     = {Pré - Processamento Eficiente para um Sistema online de Classificacção Baseado em Redes Neurais Artificiais},
    school    = {UFBA},
    Publisher = {Dissertação de Mestrado, PPGEE/UFBA},
    Year      = {2015},
    url       = {http://www.ppgee.eng.ufba.br/teses/2563ead70510e2565a35c28e9b4377fd.pdf},
    Address   = {Salvador}
    }
@MastersThesis{mateus2015,
    Author    = {Mateus Caetano},
    Title    = {Modelos de classificação: aplicações no setor bancário},
    School    = {UNICAMP},
    Publisher = {Dissertação de Mestrado, UNICAMP},
    Year    = {2015},
    Address   = {Campinas}
    }
@MastersThesis{galster2015,
	Author    = {Gorn Galster},
	Title     = {{ATLAS} Trigger: Preparations for Run II},
	Type      = {Dissertação de Mestrado},
	Institution = {University of Copenhagen / Niels Bohr Institute},
	Year      = {2015},
	School    = {University of Copenhagen},
	Adress    = {Copenhagen, Dinamarca},
	Pages     = {172}
    }
@MastersThesis{me:candida2014,
	Author    = {Cândida Aparecida Delgado Meneghin},
	Title     = {Estudo dos Algoritmos de Classificação de Elétrons no Experimento {ATLAS}},
	school    = {UFJF},
	Publisher = {Dissertação de Mestrado, PPGEE/UFJF},
	Year      = {2014},
	Address   = {Juiz de Fora}
	}
@MastersThesis{me:edmar2013,
	Author    = {Edmar José Alves},
	Title     = {Métodos de \textit{bootstrap} e aplicações em problemas biológicos},
	school    = {UNESP},
	Publisher = {Dissertação de Mestrado, PPGEE/UFJF},
	url       = {https://alsafi.ead.unesp.br/bitstream/handle/11449/94336/alves_ej_me_rcla.pdf?sequence=1&isAllowed=y},
	Year      = {2013},
	Address   = {Rio Claro}
	}
@Mastersthesis{me:alves2007,
	Author   = {Bruno Guimarães Costa Alves},
	Keywords = {Visão coomputacional},
	Keywords = {Redes Neurais},
	School   = {Universidade Federal da Bahia},
	Title    = {Detecção de Infração em faixa de pedestres sem semáforos utilizando visão computacional e redes neurais.},
	Type    = {Dissertação de Mestrado, PPGEE/UFBA},
	url     = {http://www.ppgee.eng.ufba.br/teses/e885ac83a4e3f0fa18d6bf1c909739fe.pdf},
	Year    = {2007},
}  
@mastersthesis{me:lenzi2013,
	author         = {Lenzi, Thomas},
	title          = {{Development and Study of Different Muon Track Reconstruction Algorithms for the Level-1 Trigger for the CMS Muon Upgrade with GEM Detectors}},
	school         = {U. Brussels (main)},
	year           = {2013},
	url            = {http://inspirehep.net/record/1236817/files/arXiv:1306.0858.pdf},
	eprint         = {1306.0858},
	archivePrefix  = {arXiv},
	primaryClass   = {physics.ins-det},
	reportNumber   = {CERN-THESIS-2013-042},
	SLACcitation   = {%%CITATION = ARXIV:1306.0858;%%}
}
@Misc{tcc:werner2011,
    Author   = {Werner Spolidoro Freund},
    Title    = {Algoritmo Neural Para Detecção de Partículas em um Calorímetro de Altas Energias},
    Institution = {UFRJ / DEE},
    url     = {http://monografias.poli.ufrj.br/monografias/monopoli10003987.pdf},
    Type    = {Trabalho de Conclusão de Curso},
    Year    = {2011},
    }
@Misc{tcc:coliboro2008,
	Author   = {Thiane Pereira Poncetta Coliboro},
	Title    = {Decomposição em valores singulares e aplicações},
	Institution = {UFSC / DeMat},
	url     = {http://repositorio.ufsc.br/xmlui/handle/123456789/96820},
	Type    = {Trabalho de Conclusão de Curso},
	Year    = {2008},
}
@Misc{tcc:souto2000,
	Author   = {Gilberto Souto},
	Title    = {Decomposição em Valores Singulares},
	Institution = {UFSC / DeMat},
	Type    = {Trabalho de Conclusão de Curso},
	Year    = {2000},
    }
@Thesis{thesis:werner2018,
	Author    = {Werner Spolidoro Freund },
	Title     = {Identificação de Elétrons Baseada em um Calorímetro de
	Altas Energias Finamente Segmentado},
	Type      = {Tese de Doutorado},
	Institution = {UFRJ / COPPE},
	School    = {UFRJ},
	Year      = {2018},
	Keywords  = {Redes Neurais},
	Keywords  = {Classificação},
	Keywords  = {Filtragem Online},
	Keywords  = {Fusão de Dados},
	Keywords  = {Ensemble Learning},
	Keywords  = {Análise de Impacto},
	Keywords  = {Empilhamento de Sinais},
	Keywords  = {Física de Altas-Energias},
	Keywords  = {Calorimetris de Alta Energia},
	Location  = {Rio de Janeiro},
	url = {http://www.pee.ufrj.br/teses/textocompleto/2010121601.pdf},
	Pages     = {310}
	}
@Thesis{thesis:ciodaro2012,
	Author    = {Thiago Xavier Ciodaro},
	Title     = {Identificação Online de Sinais Baseada em Calorimetria de Altas Energias e com Fina Segmentação},
	Type      = {Tese de Doutorado},
	Institution = {UFRJ / COPPE},
	Year      = {2012},
	School    = {UFRJ},
	Keywords  = {Filtragem Ótima},
	Keywords  = {Fisica de Altas energias},   
	Keywords  = {Processamento Online},
	Keywords  = {Instrumentação Eletrônica},
	Adress    = {Rio de Janeiro, Brasil},
	url       = {http://pee.ufrj.br/teses/index.php?Resumo=2012122101},
	Pages     = {147}
	}
@Thesis{thesis:simas2010,
	Author    = {Eduardo Furtado de {SIMAS FILHO}},
	Title     = {Análise Não-Linear de Componentes Independentes para uma Filtragem Online Baseada em Calorimetria de Alta Energia e com Fina Segmentação},
	Type      = {Tese de Doutorado},
	Institution = {UFRJ / COPPE},
	School    = {UFRJ},
	Year      = {2010},
	Keywords  = {Análise de Componentes Independentes},
	Keywords  = {Filtragem Online},
	Keywords  = {Calorimetris de Alta Energia},
	Location  = {Rio de Janeiro},
	Url       = {http://www.pee.ufrj.br/teses/textocompleto/2010121601.pdf},
	Pages     = {310}
	}
@Thesis{thesis:giovani2006,
	Author    = {Giovani Glaucio de Oliveira Costa},
	Title     = {Um procedimento inferencial para análise fatorial utilizando as técnicas Bootstrap e Jackknife: construção de
	intervalos de confiança e testes de hipóteses},
	Type      = {Tese de Doutorado},
	Institution = {PUC / PPGEE-PUC-Rio},
	Doi       = {https://doi.org/10.17771/PUCRio.acad.8741},
	School    = {PUC-Rio},
	Year      = {2006},
	Keywords  = {Análise fatorial},
	Keywords  = {Inferência estatística},
	Keywords  = {Bootstrap},
	Keywords  = {Jackknife},
	Location  = {Rio de Janeiro},
	Url       = {https://www.maxwell.vrac.puc-rio.br/Busca_etds.php?strSecao=resultado&nrSeq=8741@1},
	Pages     = {196}
	}
@Thesis{thesis:simeon2015,
	Author    = {Edgar Jhonny Amaya {SIMEÓN}},
	Title    = {PROGNÓSTICO DE FALHAS BASEADO EM REDES NEURAIS COM ESTADOS DE ECO},
	Type      = {Tese de Doutorado},
	Institution = {UnB/ DEM},
	Year      = {2015},
	School    = {UnB},
	Keywords  = {Prognóstico de Falhas},
	Keywords  = {Redes Neurais com Estados de Eco},   
	Keywords  = {Algoritmo ABC},
	Keywords  = {Computação com Reservatórios},
	Adress    = {Brasília, Brasil},
	Pages     = {125}
}
@Thesis{thesis:boccato2013,
	Author    = {Levy Boccato},
	Title     = {Novas Propostas e Aplicações de Redes Neurais com Estados de Eco},
	Type      = {Tese de Doutorado},
	Institution = {Unicamp/ Fac. Eng. Elétrica e Computação},
	Year      = {2013},
	School    = {Unicamp},
	Keywords  = {Redes Neurais Artificiais},
	Keywords  = {Processamento de Sinais},   
	Keywords  = {Aprendizagem de Máquina},
	Keywords  = {Sistemas não Lineares},
	Adress    = {Campinas, Brasil},
	Pages     = {210}
}
@Thesis{thesis:siqueira2013,
	Author    = {Hugo Valadares Siqueira},
	Title     = {Máquinas Desorganizadas para Previsão de Séries de Vazões},
	Type      = {Tese de Doutorado},
	Institution = {Unicamp/ Fac. Eng. Elétrica e Computação},
	Year      = {2013},
	School    = {Unicamp},
	Keywords  = {Previsão de Vazões},
	Keywords  = {Prognósticos (Modelos Box Jenkins)},   
	Keywords  = {Seleção de Variáveis},
	Adress    = {Campinas, Brasil},
	Pages     = {218}
}
@Thesis{thesis:reis2013,
	Author    = {Ricardo Luis dos Reis},
	Title     = {Modelos autorregressivos periódicos para previsão e geração de séries de vazões médias mensais},
	Type      = {Tese de Doutorado},
	Institution = {USP / ICMC},
	School    = {UPS},
	Year      = {2013},
	Keywords  = {Processos Periódicos},
	Keywords  = {Séries Temporais},
	Keywords  = {Inferência Bayesiana},
	Keywords  = {Hidrologia},
	Keywords  = {Métodos Computacionais},
	Location  = {São Carlos, SP},
	url = {http://www.teses.usp.br/teses/disponiveis/55/55134/tde-13052013-111226/pt-br.php},
	Pages     = {108}
}
@Thesis{thesis:aiube2005,
	Author    = {Fernando Antonio Lucena Aiube},
	Title     = {Modelagem dos preços futuros de commodities: abordagem pelo filtro de partículas},
	Type      = {Tese de Doutorado},
	Institution = {PUC-Rio},
	School    = {PUC-Rio},
	Year      = {2005},
	Doi       = {https://doi.org/10.17771/PUCRio.acad.7604},
	Keywords  = {Engenharia Industrial},
	Keywords  = {Processos Estocásticos},
	Keywords  = {Filitro de Kalman},
	Keywords  = {Filtro de Partículas},
	Keywords  = {Opções Reais},
	Keywords  = {Validação Cruzada},
	Location  = {Rio de Janeiro},
	url = {https://www.maxwell.vrac.puc-rio.br/Busca_etds.php?strSecao=resultado&nrSeq=7604@1},
	Pages     = {183}
}
%% =================================================
%% ------------------  OUTROS ----------------------

@Misc{cern2016,
    Author   = {CERN-Collaboration},
    Title    = {CERN Homepage},
    Year     = {2016},   
    url  = {Disponível Em :$<$http://www.cern.ch/$>$},
    Urlaccessdate = {Acesso Em: 21 De Maio De 2016}
    }
@Misc{priberam2016,
    Author  = {Priberam},
    Title   = {``átomo'' - em dicionário Priberam da Língua Portuguesa},
    Year    = {2016},   
    url  = {Disponível Em :http://www.priberam.pt/DLPO/%C3%A1tomo},
    Urlaccessdate = {Acesso Em: 02 de Nov De 2016}
    } 
@Misc{araujo2017,
	Author   = {Maíra Prata de {ARAÚJO}},
	Title    = {Aplicação de Redes com Estados de Eco ao Problema de Previsão de Vazão em Usina Hidrelétrica},
	Institution = {UFBA / DEE},
	Type     = {Trabalho de Conclusão de Curso},
	Year     = {2017}
    }
@Misc{santos2014,
	Author   = {Marton Sandes dos Santos},
	Title    = {Reconhecimento de Acordes Naturais de Guitarra com Redes Neurais Artificiais},
	Institution = {UFBA / DEE},
	Type     = {Trabalho de Conclusão de Curso},
	Year     = {2014}
}
@Online{macausland2014,
	Author  = {Ross Macausland},
	Title   = {Moore-Penrose Inver and Least Squares},
	url     = {http://buzzard.ups.edu/courses/2014spring/420projects/math420-UPS-spring-2014-macausland-pseudo-inverse.pdf},
	Publisher = {University of Puget Sound},
	Urldate = {4/06/2018 },
	Year    = {2014},
	Urlaccessdate = {Acesso e 22/06/2018}
}
@Online{grossmann2013,
    Author  = {Cesar Grossmann},
    Title   = {Modelo Padrão da Física: o que é e de onde veio?},
    url    = {https://hypescience.com/o-que-e-e-de-onde-veio-o-modelo-padrao-da-fisica/},
    Urldate = {10/07/2013 },
    Date    = {10 July 2013},
    Year    = {2013},
    Urlaccessdate = {21 set. 2017}
    }

@Online{Letzter2018,
	Author  = {Rafi Letzter and Staff Writer},
	Title   = {The Higgs Boson Has a New Friend},
	url     = {https://www.livescience.com/62730-higgs-boson-new-top-quark-signal.html},
	Publisher = {{LIVESCIENCE}},
	Urldate = {4/06/2018 },
	Year    = {2018},
	Urlaccessdate = {Acesso e 22/06/2018}
}

@Online{ibm2017,
	Author  = {	M. Tim Jones},
	Title   = {Recurrent neural networks deep dive},
	url     = {https://www.ibm.com/developerworks/library/cc-cognitive-recurrent-neural-networks/index.html},
	Publisher = {IBM},
	Urldate = {17/08/2017 },
	Year    = {2017},
	Urlaccessdate = {Acesso e 17/02/2018}
    }
@Online{barra2013,
    Author  = {Fernanda Barra},
    Title   = {Redes Neurais Artificiais},
    url     = {https://petcivilufjf.wordpress.com/2013/07/05/redes-neurais-artificiais/},
    Urldate = {05/07/2013 },
    Date    = {10 July 2013},
    Year    = {2013},
    Urlaccessdate = {21 set. 2017}
    } 
@Online{atlas2015,
    Author  = {CERN},
    Title   = {The {ATLAS} Computing Workbook},
    Url     = {https://twiki.cern.ch/twiki/bin/view/AtlasComputing/WorkBookAtlasExperiment},
    Urldate = {12/11/2016},
    Date    = {28 July 2015},
    Year    = {2015},
    Urlaccessdate = {12 nov. 2016}
    } 
@Online{timelines2016,
    Author  = {CERN},
    Title   = {CERN Timelines All Events},
    Url     = {https://timeline.web.cern.ch/events},
    Urldate = {30/08/2016},
    Year    = {2016},
    Urlaccessdate = {30 ago. 2016}
    }
@Online{belle2017,
	Author  = {Jean-Louis Van Belle},
	Title   = {Reading Feynman},
	Url     = {https://readingfeynman.org/essentials/s},
	Urldate = {26 May 2017},
	Year    = {2017},
	Urlaccessdate = {08 mai. 2018}
}
@Online{portalaction2016,
    Author  = {{Portal Action}},
    Title   = {Boxplot},
    Url     = {http://www.portalaction.com.br/estatistica-basica/31-boxplot},
    Urldate = {13/09/2016},
    Year    = {2016},
    Urlaccessdate = {19 set. 2016}
    }
%% =================================================
%% ------------------  2015 ----------------------
@techreport{peralva2015,
	author        = {Bernardo Sotto-Maior Peralva and José Manoel de SEIXAS},
	title         = {{The TileCal Energy Reconstruction for LHC Run2 and Future Perspectives}},
	number        = {arXiv:1510.01690},
	month         = {Oct},
	year          = {2015},
	reportNumber  = {arXiv:1510.01690},
	url           = {https://cds.cern.ch/record/2057907},
	note          = {Comments: 5 pages, 7 figures, LISHEP 2015, 2-9 August 2015, Manaus}
    }
@techreport{atlas2012,
	author        = {{ATLAS Collaboration}},
	title         = {Observation of an excess of events in the search for the	{Standard Model Higgs boson} in the gamma-gamma channel with 	the {ATLAS} detector},
	institution   = {CERN},
	collaboration = {ATLAS Collaboration},
	address       = {Geneva},
	number        = {ATLAS-CONF-2012-091},
	month         = {Jul},
	year          = {2012},
	reportNumber  = {ATLAS-CONF-2012-091},
	url           = {http://cds.cern.ch/record/1460410}
	}
@techreport{jaeger2010,
	author    = {Herbert Jaeger},
	citeulike-article-id = {9635932},
	institution = {German National Research Center for Information Technology},
	keywords  = {echo\_state\_networks, reservoir\_computing, thesis-makingsense},
	posted-at = {2011-08-09 12:05:24},
	url       = {https://pdfs.semanticscholar.org/8430/c0b9afa478ae660398704b11dca1221ccf22.pdf},
	priority  = {2},
	title     = {{The ``echo state'' approach to analysing and training recurrent neural networks - with an Erratum note}},
	year      = {2010},
    abstract  = {{The report introduces a constructive learning algorithm for
	recurrent neural networks, which modifies only the weights to output units
	in order to achieve the learning task.}}
    }
@techreport{jaeger2002,
	author    = {Herbert Jaeger},
	title     = {A tutorial on training recurrent neural networks, covering BPPT, RTRL, EKF and the "echo state network" approach},
	institution = {International University Bremen},
	url       = {http://minds.jacobs-university.de/sites/default/files/uploads/papers/ESNTutorialRev.pdf},
	year      = {2002},
	owner     = {fwyffels},
	timestamp = {2010.10.28}
    }
@unpublished{heuer2013,
	Author  = {R. -D. Heuer},
	Title   = {General Meeting January 2013},
	Url     = {https://indico.cern.ch/event/219327/attachments/355208/494765/address-Jan2013.pdf},
	Date    = {9 January 2013},
	Year    = {2013},
	Urlaccessdate = {21 fev. 2018}
    }
@unpublished{detectorPartes,
	author        = {{ATLAS Collaboration}},
	title         = {{Computer Generated image of the {ATLAS} calorimeter}},
	month         = {Mar},
	year          = {2008},
	reportNumber  = {CERN-GE-0803015},
	url           = {https://cds.cern.ch/record/1095927}
	}
@unpublished{cern2017,
	author        = {CERN},
	title         = {{LHC} Guide},
	month         = {Mar},
	year          = {2017},
	reportNumber  = {CERN-Brochure-2017-002-Eng},
	url           = {https://cds.cern.ch/record/2255762}
    }
@unpublished{cern1999,
	author        = {{CERN Collaborartion}},
	title         = {{The four main LHC experiments}},
	month         = {Jun},
	year          = {1999},
	reportNumber  = {CERN-AC-9906026},
	url           = {http://cds.cern.ch/record/40525}
	}
@unpublished{atlas2013,
	author        = {{ATLAS Collaborartion}},
	title         = {{An computer generated image representing how {ATLAS}
	detects particles}},
	month         = {Jan},
	year          = {2013},
	reportNumber  = {CERN-EX-1301009},
	url           = {https://cds.cern.ch/record/1505342}
	}
@unpublished{atlas2010,
	author        = {{ATLAS Collaboration}},
	title         = {{ATLAS Fact Sheet : To raise awareness of the ATLAS
	detector and collaboration on the LHC}},
	year          = {2010},
	reportNumber  = {ATLAS-Brochure-2010-002-Eng},
	url           = {https://cds.cern.ch/record/1457044},
}